@misc{livescript,
  author={MathWorks},
  title={What Is a Live Script or Function?},
  year={2021},
  note={\newline\url{https://www.mathworks.com/help/matlab/matlab_prog/what-is-a-live-script-or-function.html}},
}
@article{Levinson,
  author  = {Pham, Dinh Tuan and Le Breton, Alain},
  title   = {Levinson-Durbin-type algorithms for continuous-time autoregressive models and applications},
  journal = {Mathematics of Control, Signals and Systems},
  year    = {1991}
}
@book{Durbin,
  author = {Durbin, J.},
  title = {The Fitting of Time-Series Models},
  year = {1960}
}
@article{Parks,
  author  = {P. Parks},
  title   = {Further comments on "An symmetric matrix formulation of the Hurwitz-Routh stability criterion},
  journal = {IEEE Transactions on Automatic Control},
  year    = {1963},
  number  = {3},
  volume = {8},
  pages   = {270-271}
}
@book{Vaidyanathan,
  author = {Vaidyanathan, P. p.},
  title = {The Theory of Linear Prediction},
  year = {2007}
}
@article{Riahy,
  author  = {G.H. Riahy and M. Abedi},
  title   = {Short term wind speed forecasting for wind turbine applications using linear prediction method},
  journal = {Renewable Energy},
  year    = {2008},
  number  = {1},
  volume = {33},
  pages   = {35-41}
}
@article{Baker,
  author  = {D. N. Baker, R. L. McPherron, T. E. Cayton et all},
  title   = {Linear prediction filter analysis of relativistic electron properties at 6.6 RE},
  journal = {Space Physics},
  year    = {1990},
  number  = {A9},
  volume = {95},
  pages   = {15133-15140}
}
@article{Nave,
    author  = {Nave, G. and Cohen, A.},
    journal = {IEEE Transactions on Biomedical Engineering}, 
    title   = {ECG compression using long-term prediction}, 
    year    = {1993},
    volume  = {40},
    number  = {9},
    pages   = {877-885},
    doi     = {10.1109/10.245608}
  }
@article{Kinoshita,
  author={Kinoshita, Keisuke and Delcroix, Marc and Nakatani, Tomohiro and Miyoshi, Masato},
  journal={IEEE Transactions on Audio, Speech, and Language Processing}, 
  title={Suppression of Late Reverberation Effect on Speech Signal Using Long-Term Multiple-step Linear Prediction}, 
  year={2009},
  volume={17},
  number={4},
  pages={534-545},
  doi={10.1109/TASL.2008.2009015}}
@book{Cryer,
  title={Time series analysis},
  author={Cryer, Jonathan D},
  volume={286},
  year={1986},
  publisher={Duxbury Press Boston}
}

@incollection{Fahrmeir,
  title={Regression models},
  author={Fahrmeir, Ludwig and Kneib, Thomas and Lang, Stefan and Marx, Brian D},
  booktitle={Regression: Models, methods and applications},
  pages={23--84},
  year={2022},
  publisher={Springer}
}
@article{Kotsiantis,
  title={Decision trees: a recent overview},
  author={Kotsiantis, Sotiris B},
  journal={Artificial Intelligence Review},
  volume={39},
  pages={261--283},
  year={2013},
  publisher={Springer}
}
@article{Chen,
  title={How to develop machine learning models for healthcare},
  author={Chen, Po-Hsuan Cameron and Liu, Yun and Peng, Lily},
  journal={Nature materials},
  volume={18},
  number={5},
  pages={410--414},
  year={2019},
  publisher={Nature Publishing Group UK London}
}